

@ARTICLE{munari2014,
   author = {{Munari}, U. and {Henden}, A. and {Frigo}, A. and {Zwitter}, T. and 
	{Bienaym{\'e}}, O. and {Bland-Hawthorn}, J. and {Boeche}, C. and 
	{Freeman}, K.~C. and {Gibson}, B.~K. and {Gilmore}, G. and {Grebel}, E.~K. and 
	{Helmi}, A. and {Kordopatis}, G. and {Levine}, S.~E. and {Navarro}, J.~F. and 
	{Parker}, Q.~A. and {Reid}, W. and {Seabroke}, G.~M. and {Siebert}, A. and 
	{Siviero}, A. and {Smith}, T.~C. and {Steinmetz}, M. and {Templeton}, M. and 
	{Terrell}, D. and {Welch}, D.~L. and {Williams}, M. and {Wyse}, R.~F.~G.
	},
    title = "{APASS Landolt-Sloan BVgri Photometry of RAVE Stars. I. Data, Effective Temperatures, and Reddenings}",
  journal = {\aj},
archivePrefix = "arXiv",
   eprint = {1408.5476},
 primaryClass = "astro-ph.SR",
 keywords = {catalogs, methods: data analysis, surveys, techniques: photometric},
     year = 2014,
    month = nov,
   volume = 148,
      eid = {81},
    pages = {81},
      doi = {10.1088/0004-6256/148/5/81},
   adsurl = {http://adsabs.harvard.edu/abs/2014AJ....148...81M},
  adsnote = {Provided by the SAO/NASA Astrophysics Data System}
}



@ARTICLE{hendenmunari2014,
   author = {{Henden}, A. and {Munari}, U.},
    title = "{The APASS all-sky, multi-epoch BVgri photometric survey}",
  journal = {Contributions of the Astronomical Observatory Skalnate Pleso},
 keywords = {Surveys, Catalogs, Techniques: photometric},
     year = 2014,
    month = mar,
   volume = 43,
    pages = {518-522},
   adsurl = {http://adsabs.harvard.edu/abs/2014CoSka..43..518H},
  adsnote = {Provided by the SAO/NASA Astrophysics Data System}
}


@ARTICLE{gaia_dr1,
   author = {{Lindegren}, L. and {Lammers}, U. and {Bastian}, U. and {Hern{\'a}ndez}, J. and 
	{Klioner}, S. and {Hobbs}, D. and {Bombrun}, A. and {Michalik}, D. and 
	{Ramos-Lerate}, M. and {Butkevich}, A. and {Comoretto}, G. and 
	{Joliet}, E. and {Holl}, B. and {Hutton}, A. and {Parsons}, P. and 
	{Steidelm{\"u}ller}, H. and {Abbas}, U. and {Altmann}, M. and 
	{Andrei}, A. and {Anton}, S. and {Bach}, N. and {Barache}, C. and 
	{Becciani}, U. and {Berthier}, J. and {Bianchi}, L. and {Biermann}, M. and 
	{Bouquillon}, S. and {Bourda}, G. and {Br{\"u}semeister}, T. and 
	{Bucciarelli}, B. and {Busonero}, D. and {Carlucci}, T. and 
	{Casta{\~n}eda}, J. and {Charlot}, P. and {Clotet}, M. and {Crosta}, M. and 
	{Davidson}, M. and {de Felice}, F. and {Drimmel}, R. and {Fabricius}, C. and 
	{Fienga}, A. and {Figueras}, F. and {Fraile}, E. and {Gai}, M. and 
	{Garralda}, N. and {Geyer}, R. and {Gonz{\'a}lez-Vidal}, J.~J. and 
	{Guerra}, R. and {Hambly}, N.~C. and {Hauser}, M. and {Jordan}, S. and 
	{Lattanzi}, M.~G. and {Lenhardt}, H. and {Liao}, S. and {L{\"o}ffler}, W. and 
	{McMillan}, P.~J. and {Mignard}, F. and {Mora}, A. and {Morbidelli}, R. and 
	{Portell}, J. and {Riva}, A. and {Sarasso}, M. and {Serraller}, I. and 
	{Siddiqui}, H. and {Smart}, R. and {Spagna}, A. and {Stampa}, U. and 
	{Steele}, I. and {Taris}, F. and {Torra}, J. and {van Reeven}, W. and 
	{Vecchiato}, A. and {Zschocke}, S. and {de Bruijne}, J. and 
	{Gracia}, G. and {Raison}, F. and {Lister}, T. and {Marchant}, J. and 
	{Messineo}, R. and {Soffel}, M. and {Osorio}, J. and {de Torres}, A. and 
	{O'Mullane}, W.},
    title = "{Gaia Data Release 1. Astrometry: one billion positions, two million proper motions and parallaxes}",
  journal = {\aap},
archivePrefix = "arXiv",
   eprint = {1609.04303},
 keywords = {astrometry, parallaxes, proper motions, methods: data analysis, space vehicles: instruments, reference systems},
     year = 2016,
    month = nov,
   volume = 595,
      eid = {A4},
    pages = {A4},
      doi = {10.1051/0004-6361/201628714},
   adsurl = {http://adsabs.harvard.edu/abs/2016A%26A...595A...4L},
  adsnote = {Provided by the SAO/NASA Astrophysics Data System}
}


@ARTICLE{gaia,
   author = {{Gaia Collaboration} and {Prusti}, T. and {de Bruijne}, J.~H.~J. and 
	{Brown}, A.~G.~A. and {Vallenari}, A. and {Babusiaux}, C. and 
	{Bailer-Jones}, C.~A.~L. and {Bastian}, U. and {Biermann}, M. and 
	{Evans}, D.~W. and et al.},
    title = "{The Gaia mission}",
  journal = {\aap},
archivePrefix = "arXiv",
   eprint = {1609.04153},
 primaryClass = "astro-ph.IM",
 keywords = {space vehicles: instruments, Galaxy: structure, astrometry, parallaxes, proper motions, telescopes},
     year = 2016,
    month = nov,
   volume = 595,
      eid = {A1},
    pages = {A1},
      doi = {10.1051/0004-6361/201629272},
   adsurl = {http://adsabs.harvard.edu/abs/2016A%26A...595A...1G},
  adsnote = {Provided by the SAO/NASA Astrophysics Data System}
}
